@online{top_news_sites,
    author = {Alexa},
    title = {Top Sites by Category: News},
    note = {Available: \url{http://www.alexa.com/topsites/category/Top/News}},
    urldate = {2016-05-12}
}

@article{VADER,
    author = {Hutto, C.J. \& Gilbert, E.E},
    title = {VADER: A Parsimonious Rule-based Model for Sentiment Analysis of Social Media Text},
    journal = {Eighth International Conference on Weblogs and Social Media (ICWSM-14). Ann Arbor, MI, June 2014},
    year = 2014
}